@article{networkx,
  title={NetworkX: Network Analysis with Python},
  author={Hagberg, Aric and Swart, Pieter and S Chult, Daniel},
  journal={Los Alamos National Lab.(LANL), Los Alamos, NM (United States)},
  year={2008}
}

@article{pymc,
  title={Probabilistic programming in Python using PyMC3},
  author={Salvatier, John and Wiecki, Thomas V and Fonnesbeck, Christopher},
  journal={PeerJ Computer Science},
  volume={2},
  pages={e55},
  year={2016},
  publisher={PeerJ Inc.}
}

@book{pearl2009causality,
  title={Causality},
  author={Pearl, Judea},
  year={2009},
  publisher={Cambridge university press}
}

@article{supply_chain_waste,
  title={Food waste in supply chains: A systematic literature review and framework development},
  author={Chauhan, Chetna and Dhir, Amandeep and Akram, M Usman and Salo, Jari},
  journal={Journal of Cleaner Production},
  volume={295},
  pages={126438},
  year={2021},
  publisher={Elsevier}
}
